<record><leader>00000cas a2200000 a 4500</leader><controlfield tag="001">10037334</controlfield><controlfield tag="008">831020c19569999cauwr ne      0   a0eng c</controlfield><datafield ind1=" " ind2=" " tag="010"><subfield code="a">sn 83004547 </subfield></datafield><datafield ind1=" " ind2=" " tag="040"><subfield code="a">NSD</subfield><subfield code="b">eng</subfield><subfield code="c">NSD</subfield><subfield code="d">CNK</subfield><subfield code="d">OCLCQ</subfield><subfield code="d">OCLCF</subfield><subfield code="d">OCLCO</subfield></datafield><datafield ind1=" " ind2=" " tag="012"><subfield code="m">d</subfield></datafield><datafield ind1="1" ind2=" " tag="022"><subfield code="a">0746-4320</subfield><subfield code="2">1</subfield></datafield><datafield ind1="1" ind2=" " tag="029"><subfield code="a">AU@</subfield><subfield code="b">000026478819</subfield></datafield><datafield ind1=" " ind2=" " tag="032"><subfield code="a">254500</subfield><subfield code="b">USPS</subfield></datafield><datafield ind1=" " ind2=" " tag="037"><subfield code="b">Hunter Publications, P.O. Box 3338, Long Beach, CA 90803</subfield></datafield><datafield ind1=" " ind2=" " tag="042"><subfield code="a">pcc</subfield></datafield><datafield ind1=" " ind2=" " tag="043"><subfield code="a">n-us-ca</subfield></datafield><datafield ind1="0" ind2=" " tag="130"><subfield code="a">Marina news (Long Beach, Calif.)</subfield></datafield><datafield ind1=" " ind2="4" tag="222"><subfield code="a">The Marina news</subfield><subfield code="b">(Long Beach, Calif.)</subfield></datafield><datafield ind1="1" ind2="4" tag="245"><subfield code="a">The Marina news.</subfield></datafield><datafield ind1="1" ind2=" " tag="246"><subfield code="i">Published as:</subfield><subfield code="a">East Long Beach and marina news</subfield><subfield code="f">Mar. 24-Oct. 21 1965</subfield></datafield><datafield ind1="1" ind2=" " tag="246"><subfield code="i">Published as:</subfield><subfield code="a">Belmont Naples marina news</subfield><subfield code="f">Nov. 7-Dec. 29, 1965</subfield></datafield><datafield ind1="1" ind2=" " tag="246"><subfield code="i">Published as:</subfield><subfield code="a">Marina news Belmont Naples</subfield><subfield code="f">Jan. 5, 1966</subfield></datafield><datafield ind1="3" ind2=" " tag="246"><subfield code="a">Marina Seal Beach news Huntington Beach news</subfield></datafield><datafield ind1=" " ind2=" " tag="260"><subfield code="a">Long Beach, Calif. :</subfield><subfield code="b">South Coast Pub. Co.</subfield></datafield><datafield ind1=" " ind2=" " tag="310"><subfield code="a">Weekly</subfield></datafield><datafield ind1="0" ind2=" " tag="362"><subfield code="a">Vol. 1, no. 1 (Oct. 18, 1956)-</subfield></datafield><datafield ind1=" " ind2=" " tag="515"><subfield code="a">Volume and numbering changes from: vol. 26, no. 74 (June 23, 1982) to v. 53, no. 1 (June 30, 1982).</subfield></datafield><datafield ind1=" " ind2="0" tag="651"><subfield code="a">Long Beach (Calif.)</subfield><subfield code="v">Newspapers.</subfield></datafield><datafield ind1=" " ind2="7" tag="655"><subfield code="a">Newspapers.</subfield><subfield code="2">fast</subfield><subfield code="0">(OCoLC)fst01423814</subfield></datafield><datafield ind1=" " ind2="7" tag="651"><subfield code="a">California</subfield><subfield code="z">Long Beach.</subfield><subfield code="2">fast</subfield><subfield code="0">(OCoLC)fst01206254</subfield></datafield><datafield ind1=" " ind2=" " tag="752"><subfield code="a">United States</subfield><subfield code="b">California</subfield><subfield code="c">Los Angeles</subfield><subfield code="d">Long Beach.</subfield></datafield><datafield ind1=" " ind2=" " tag="936"><subfield code="a">Sept. 21, 1983</subfield></datafield></record>